<record><leader>00000cas a2200000 a 4500</leader><controlfield tag="001">30837189</controlfield><controlfield tag="008">940727d19731977iludn ne      0   a0eng c</controlfield><datafield ind1=" " ind2=" " tag="010"><subfield code="a">sn 94054275 </subfield></datafield><datafield ind1=" " ind2=" " tag="040"><subfield code="a">NVF</subfield><subfield code="b">eng</subfield><subfield code="c">NVF</subfield><subfield code="d">OCLCQ</subfield><subfield code="d">OCLCF</subfield><subfield code="d">NVF</subfield><subfield code="d">OCLCO</subfield></datafield><datafield ind1="1" ind2=" " tag="029"><subfield code="a">AU@</subfield><subfield code="b">000025878276</subfield></datafield><datafield ind1=" " ind2=" " tag="042"><subfield code="a">pcc</subfield></datafield><datafield ind1=" " ind2=" " tag="043"><subfield code="a">n-us-il</subfield></datafield><datafield ind1="0" ind2=" " tag="130"><subfield code="a">Herald (Arlington Heights, Ill. : Mount Prospect ed.)</subfield></datafield><datafield ind1="1" ind2="4" tag="245"><subfield code="a">The herald.</subfield></datafield><datafield ind1=" " ind2=" " tag="250"><subfield code="a">[Mount Prospect ed.].</subfield></datafield><datafield ind1=" " ind2=" " tag="260"><subfield code="a">Arlington Heights, Ill. :</subfield><subfield code="b">Paddock Publications</subfield></datafield><datafield ind1=" " ind2=" " tag="300"><subfield code="a">v.</subfield></datafield><datafield ind1=" " ind2=" " tag="310"><subfield code="a">Daily (except Sunday),</subfield><subfield code="b">Jan. 28, 1975-Sept. 9, 1977</subfield></datafield><datafield ind1=" " ind2=" " tag="321"><subfield code="a">Daily (except Saturday and Sunday),</subfield><subfield code="b">Apr. 2, 1973-Jan. 27, 1975</subfield></datafield><datafield ind1="0" ind2=" " tag="362"><subfield code="a">45th year, [no.] 83 (Apr. 2, 1973)-49th year, [no.] 243 (Sept. 9, 1977).</subfield></datafield><datafield ind1=" " ind2=" " tag="500"><subfield code="a">Title serves: Mount Prospect and Prospect Heights, Apr. 1, 1976-1977.</subfield></datafield><datafield ind1=" " ind2="0" tag="651"><subfield code="a">Mount Prospect (Ill.)</subfield><subfield code="v">Newspapers.</subfield></datafield><datafield ind1=" " ind2="0" tag="651"><subfield code="a">Prospect Heights (Ill.)</subfield><subfield code="v">Newspapers.</subfield></datafield><datafield ind1=" " ind2="7" tag="651"><subfield code="a">Illinois</subfield><subfield code="z">Mount Prospect.</subfield><subfield code="2">fast</subfield><subfield code="0">(OCoLC)fst01204259</subfield></datafield><datafield ind1=" " ind2="7" tag="651"><subfield code="a">Illinois</subfield><subfield code="z">Prospect Heights.</subfield><subfield code="2">fast</subfield><subfield code="0">(OCoLC)fst01220147</subfield></datafield><datafield ind1=" " ind2="7" tag="655"><subfield code="a">Newspapers.</subfield><subfield code="2">fast</subfield><subfield code="0">(OCoLC)fst01423814</subfield></datafield><datafield ind1=" " ind2=" " tag="752"><subfield code="a">United States</subfield><subfield code="b">Illinois</subfield><subfield code="c">Cook</subfield><subfield code="d">Arlington Heights.</subfield></datafield><datafield ind1="0" ind2="0" tag="780"><subfield code="t">Mount Prospect herald (Mount Prospect, Ill. : Mount Prospect ed.)</subfield><subfield code="w">(DLC)sn 87062380</subfield><subfield code="w">(OCoLC)16770329</subfield></datafield><datafield ind1="0" ind2="0" tag="785"><subfield code="t">Daily herald (Arlington Heights, Ill. : Mount Prospect, Prospect Heights ed.)</subfield><subfield code="w">(DLC)sn 94054516</subfield><subfield code="w">(OCoLC)30837207</subfield></datafield></record>